@misc{sqlvsnosql, title={MongoDB and MySQL Compared}, url={https://www.mongodb.com/compare/mongodb-mysql}, journal={MongoDB}},

@misc{h2o.ai, title={Home}, url={https://www.h2o.ai/}, journal={H2O.ai}},

@misc{weka, title={Weka 3: Data Mining Software in Java}, url={https://www.cs.waikato.ac.nz/ml/weka/}, journal={The University of Waikato Department of Computer Science}},

@misc{uci, title={UCI Machine Learning Repository: Flags Data Set}, url={http://archive.ics.uci.edu/ml/datasets.html}, journal={University of California, Irvine}},

@misc{trello, title={Feature Deep Dive | Getting Started with Trello}, url={https://trello.com/}, journal={Trello}},

@misc{js_datatypes, title={JavaScript Data Types}, url={https://www.w3schools.com/js/js_datatypes.asp}, journal={w3schools}},

@misc{jsWhatIsJavascript, title={Introduction - What is JavaScript}, url={https://developer.mozilla.org/en-US/docs/Web/JavaScript/Guide/Introduction#What_is_JavaScript}, journal={MDN Web Docs}, year={2018}, month={Nov}},

@misc{nodejs, title={Node.js}, url={https://nodejs.org/en/}, journal={Node.js}, author={Foundation, Node.js}},

@misc{mongoose, title={Mongoose}, url={https://mongoosejs.com/}, journal={Mongoose ODM v5.2.15}},

@misc{php, title={PHP: Hypertext Preprocessor}, url={http://www.php.net/}, journal={php}},

@misc{php_datatypes, title={PHP Data Types}, url={https://www.w3schools.com/php/php_datatypes.asp}, journal={w3schools}},

@misc{jsp, title={JavaServer Pages Technology}, url={https://www.oracle.com/technetwork/java/index-jsp-138231.html}, journal={Oracle}},

@misc{python_web, title={HOWTO Use Python in the web}, url={https://docs.python.org/2/howto/webservers.html}, journal={Python Documentation}, author={Marek Kubica}},

@misc{kmeans, title={Clustering - K-means}, url={https://home.deib.polimi.it/matteucc/Clustering/tutorial_html/kmeans.html}, journal={A Tutorial on Clustering Algorithms}, publisher={Polytechnic University of Milan}},

@misc{google_mvc, title={MVC Architecture}, url={https://developer.chrome.com/apps/app_frameworks}, journal={Chrome: developer}}

@misc{agilemanifesto, title={Manifesto for Agile Software Development}, url={https://agilemanifesto.org/}, journal={The Agile Manifesto}, author={Beck, Kent and Beedle, Mike and van Bennekum, Arie and Cockburn, Alistair and Cunningham, Ward and Fowler, Martin and Grenning, James and Highsmith, Jim and Hunt, Andrew and Jeffries, Ron and et al.}, year={2001}},

@ARTICLE {einasto2011,
    author  = "Einasto, M. and Liivamägi, L. J. and Saar, E. and Einasto, J. and Tempel, E. and Tago, E. and Martínez, V. J.",
    title   = "SDSS DR7 superclusters",
    journal = "Astronomy \& Astrophysics",
    year    = "2011",
    volume  = "535",
    pages   = "A36",
    doi     = "10.1051/0004-6361/201117529"
}

@BOOK {davison2003,
    author    = "Davison, A. C",
    title     = "Statistical models",
    publisher = "Cambridge University Press",
    year      = "2003",
    place     = "Cambridge, U.K.",
    pages     = "18-21"
}

@book{greene2012, place={New York, NY}, title={Econometric analysis}, publisher={Pearson}, author={Greene, William H.}, year={2012}, pages="803-806"}

@misc{scikit-learn, title="scikit-learn", url="https://scikit-learn.org/stable/", journal="scikit-learn"}

@misc{pandas, title={Python Data Analysis Library}, url={https://pandas.pydata.org/}, journal={pandas: powerful Python data analysis toolkit - pandas 0.23.4 documentation}}

@misc{kohonen2005, title={The Self-Organizing Map (SOM)}, url={http://www.cis.hut.fi/projects/somtoolbox/theory/somalgorithm.shtml}, journal={Helsinki University of Technology}, author={Kohonen, Tuevo}, year={2005}, month={Mar}}

@misc{multiclassnn, title={Multi-Class Neural Networks: One vs. All  |  Machine Learning Crash Course  |  Google Developers}, url={https://developers.google.com/machine-learning/crash-course/multi-class-neural-networks/one-vs-all}, journal={Google}, publisher={Google}, year={2018}, month={Oct}}

@article{fazakis2016, title={Self-Trained LMT for Semisupervised Learning}, volume={2016}, DOI={10.1155/2016/3057481}, journal={Computational Intelligence and Neuroscience}, author={Fazakis, Nikos and Karlos, Stamatis and Kotsiantis, Sotiris and Sgarbas, Kyriakos}, year={2016}, pages={2}}

@article{friedman1997bayesian,
  title={Bayesian network classifiers},
  author={Friedman, Nir and Geiger, Dan and Goldszmidt, Moises},
  journal={Machine learning},
  volume={29},
  number={2-3},
  pages={131--163},
  year={1997},
  publisher={Springer}
}

@article{cortes1995support,
  title={Support-vector networks},
  author={Cortes, Corinna and Vapnik, Vladimir},
  journal={Machine learning},
  volume={20},
  number={3},
  pages={273--297},
  year={1995},
  publisher={Springer}
}

@INPROCEEDINGS{roadknight2015antilearning, 
author={C. Roadknight and D. Suryanarayanan and U. Aickelin and J. Scholefield and L. Durrant}, 
booktitle={2015 IEEE International Conference on Data Science and Advanced Analytics (DSAA)}, 
title={An ensemble of machine learning and anti-learning methods for predicting tumour patient survival rates}, 
year={2015}, 
volume={}, 
number={}, 
pages={1-8}, 
doi={10.1109/DSAA.2015.7344863}, 
ISSN={}, 
month={Oct}}

@misc{logisticregression, title={What is Logistic Regression?}, url={https://www.statisticssolutions.com/what-is-logistic-regression/}, journal={Statistics Solutions}}

@book{hastie2017, place={New York, NY}, title={The elements of statistical learning: data mining, inference, and prediction}, publisher={Springer}, author={Hastie, Trevor and Tibshirani, Robert and Friedman, Jerome H.}, year={2017}}

@misc{hardesty2017, title={Explained: Neural networks}, url={http://news.mit.edu/2017/explained-neural-networks-deep-learning-0414}, journal={MIT News}, author={Hardesty, Larry}, year={2017}, month={Apr}}